<?xml version="1.0" encoding="UTF-8"?><record xmlns="http://www.loc.gov/MARC21/slim" xmlns:cinclude="http://apache.org/cocoon/include/1.0" xmlns:zs="http://www.loc.gov/zing/srw/">
  <leader>00822cz  a2200205n  4500</leader>
  <controlfield tag="001">n 2013216211</controlfield>
  <controlfield tag="003">DLC</controlfield>
  <controlfield tag="005">20140206073740.0</controlfield>
  <controlfield tag="008">140124n| azannaabn          |a aaa      </controlfield>
  <datafield tag="010" ind1=" " ind2=" ">
    <subfield code="a">n 2013216211</subfield>
  </datafield>
  <datafield tag="035" ind1=" " ind2=" ">
    <subfield code="a">(OCoLC)oca09665357</subfield>
  </datafield>
  <datafield tag="040" ind1=" " ind2=" ">
    <subfield code="a">DLC</subfield>
    <subfield code="b">eng</subfield>
    <subfield code="e">rda</subfield>
    <subfield code="c">DLC</subfield>
    <subfield code="d">IEN</subfield>
  </datafield>
  <datafield tag="100" ind1="1" ind2=" ">
    <subfield code="a">Neharā, Gajendra Siṃha</subfield>
  </datafield>
  <datafield tag="372" ind1=" " ind2=" ">
    <subfield code="a">Hindi language</subfield>
    <subfield code="a">Rajasthani language</subfield>
    <subfield code="2">lcsh</subfield>
  </datafield>
  <datafield tag="373" ind1=" " ind2=" ">
    <subfield code="a">Rural Development and Panchayati Raj Department</subfield>
  </datafield>
  <datafield tag="373" ind1=" " ind2=" ">
    <subfield code="a">University of Rajasthan</subfield>
    <subfield code="2">naf</subfield>
  </datafield>
  <datafield tag="375" ind1=" " ind2=" ">
    <subfield code="a">male</subfield>
  </datafield>
  <datafield tag="377" ind1=" " ind2=" ">
    <subfield code="a">hin</subfield>
    <subfield code="a">raj</subfield>
  </datafield>
  <datafield tag="400" ind1="0" ind2=" ">
    <subfield code="a">Gajendra Siṃha Neharā</subfield>
  </datafield>
  <datafield tag="670" ind1=" " ind2=" ">
    <subfield code="a">Rājasthānī bhāshā aura usakī boliyoṃ kā svarūpagata citraṇa, 2012:</subfield>
    <subfield code="b">title page (Ḍô. Gajendra Siṃha Neharā) jacket (M.A., Hindi, Ph. D. from Rajasthan University; employed in the Rural Development and Panchayati Raj Department)</subfield>
  </datafield>
</record>